<record><leader>00000cas a22000007a 4500</leader><controlfield tag="001">19765624</controlfield><controlfield tag="008">890525d19651976mouwr ne      0    0eng d</controlfield><datafield ind1=" " ind2=" " tag="010"><subfield code="a">sn 89066590 </subfield></datafield><datafield ind1=" " ind2=" " tag="040"><subfield code="a">MQN</subfield><subfield code="b">eng</subfield><subfield code="c">MQN</subfield><subfield code="d">OCLCQ</subfield></datafield><datafield ind1=" " ind2=" " tag="042"><subfield code="a">msc</subfield></datafield><datafield ind1="0" ind2="0" tag="245"><subfield code="a">Jackson post &amp; cash-book.</subfield></datafield><datafield ind1="3" ind2="0" tag="246"><subfield code="a">Jackson post and cash-book</subfield></datafield><datafield ind1=" " ind2=" " tag="260"><subfield code="a">Jackson, Mo. :</subfield><subfield code="b">B. Wayne Freeman,</subfield><subfield code="c">1965-1976.</subfield></datafield><datafield ind1=" " ind2=" " tag="300"><subfield code="a">v.</subfield></datafield><datafield ind1=" " ind2=" " tag="310"><subfield code="a">Weekly</subfield></datafield><datafield ind1="0" ind2=" " tag="362"><subfield code="a">Vol. 95, no. 19 (Sept. 1, 1965)-v. 106, no. 35 (Dec. 29, 1976).</subfield></datafield><datafield ind1=" " ind2=" " tag="752"><subfield code="a">United States</subfield><subfield code="b">Missouri</subfield><subfield code="c">Cape Girardeau</subfield><subfield code="d">Jackson.</subfield></datafield><datafield ind1="0" ind2="0" tag="780"><subfield code="t">Jackson pioneer</subfield><subfield code="w">(DLC)sn 89066589</subfield></datafield><datafield ind1="0" ind2="7" tag="785"><subfield code="t">Jackson journal (Jackson, Mo.)</subfield><subfield code="w">(DLC)sn 89066587</subfield></datafield><datafield ind1="0" ind2="7" tag="785"><subfield code="t">Cash-book journal</subfield><subfield code="w">(DLC)sn 89066591</subfield></datafield></record>